@misc{karimi2016unified,
    title={A unified convergence bound for conjugate gradient and accelerated gradient},
    author={Sahar Karimi and Stephen A. Vavasis},
    year={2016},
    eprint={1605.00320},
    archivePrefix={arXiv},
    primaryClass={math.OC}
}

@misc{bubeck2014convex,
    title={Convex Optimization: Algorithms and Complexity},
    author={SÃ©bastien Bubeck},
    year={2014},
    eprint={1405.4980},
    archivePrefix={arXiv},
    primaryClass={math.OC}
}
